@book{dc_complete_ref,
	author = "David Salomon",
	title = "Data Compression: The Complete Reference",
	year = "2007",
	publisher = "Springer Science + Business Media, LLC",
	address = "Northridge, California, USA"
}

@book{ipu_dc,
	author = "I. Pu",
	title = "Data Compression",
	year = "2004",
	publisher = "University of London",
	address = "32 Russell Square, London, WC1B 5DN. United Kingdom "
}

@book{intro_to_dc,
	author = "Khalid Sayood",
	title = "Introduction to Data Compression [Third Edition]",
	year = "2006",
	publisher = "Morgan Kaufmann",
	address = "50 Hampshire Street, 5th Floor, Cambridge, MA 02139, United States"
}

@misc{computer_fundamentals,
	author="Pradeep Bhatia",
	title="Computer Fundamentals",
	howpublished ="Website",
	publisher = "Guru Jambheshwar University of Science & Technology",
	url ="http://www.ddegjust.ac.in/studymaterial/mca-5/mca-101.pdf",
	year = "2011",
	note ="Accessed: 03/02/2018"
}

@book{huffman_paper,
	author = "David A. Huffman",
	title = "A Method for the Construction of Minimum-Redundancy Codes",
	year = "1952",
	publisher = "pp.~ 1098-1101, IEEE (Proceedings of the IRE)",
}

@book{the_lz_algorithm,
	author = "Christina Zeeh",
	title = "The Lempel Ziv Algorithm",
	publisher = "pp.~ 1-17",
	year = "2003",
}

@book{deflate_rfc,
	author = "Peter Deutsch",
	title = "RFC 1951 - DEFLATE Compressed Data Format Specification v1.3",
	publisher = "pp.~ 1-17, Internet Engineering Task Force (IETF)",
	year = "1996",
}

@book{lz77,
	author = "Jacob Ziv and Abraham Lempel",
	title = "A Universal Algorithm for Sequential Data Compression",
	publisher = "pp.~ 337-343, IEEE (Information Theory Society)",
	year = "1977",
}

@book{internet_video_streaming,
	author = "Dapeng Wu, Yiwei Thomas Hou, Wenwu Zhu, Ya-Qin Zhang and Jon M. Peha",
	title = "Streaming Video over the Internet: Approaches
	and Directions",
	publisher = "pp.~ 282-300, IEEE (Circuits and Systems Society)",
	year = "2001",
}

@book{lz4_fpga,
	author = "Matej Bartik, Sven Ubik and Pavel Kubalik",
	title = "LZ4 Compression Algorithm on FPGA",
	volume = "",
	number = "",
	publisher = "IEEE",
	year = "2016",
}

@book{code_definitions,
	author = "Michael Langer ",
	title = "COMP 423 lecture 2: Basic Definitions of Codes",
	publisher = "pp.~ 1-4, McGill Centre For Intelligent Machines",
	year = "2008",
	address = "3480 Rue University, Montr√©al, QC H3A 2A7, Canada",
}

@misc{lz4_github,
	author="LZ4-GitHub",
	title="LZ4 - Extremely Fast Compression",
	howpublished ="Website",
	year="2017",
	url ="http://lz4.github.io/lz4/",
	note ="Accessed: 07/11/2017",
}

@misc{how_lz4_works,
	author="Ticki-GitHub",
	title="How LZ4 Works",
	howpublished ="Website",
	year="2016",
	url ="http://ticki.github.io/blog/how-lz4-works/",
	note ="Accessed: 07/11/2017",
}

@misc{lz4_explained,
	author="Cyan",
	title="LZ4 Explained",
	howpublished ="Website",
	year="2011",
	url ="http://fastcompression.blogspot.co.uk/2011/05/lz4-explained.html",
	note ="Accessed: 16/11/2017",
}

@misc{little_endian,
	author="Bradley Kjell",
	title="Big and Little Endian",
	howpublished ="Website",
	year="2002",
	url ="https://chortle.ccsu.edu/AssemblyTutorial/Chapter-15/ass15\_3.html",
	note ="Accessed: 10/02/2018",
}

@misc{canterbury_corpus,
	author="Matt Powell",
	title="The Canterbury Corpus",
	howpublished ="Website",
	year="2001",
	url ="http://corpus.canterbury.ac.nz/descriptions/",
	note ="Accessed: 24/02/2018",
}